@inproceedings{Grogler1958fk,
author = {Gr{\"o}gler, N and Houtermans, F G and Stauffer, H},
title = {{Radiation damage as a research tool for geology and prehistory}},
booktitle = {5$^\circ$ Rassegna Internazionale Elettronica E Nucleare, Supplemento Agli Atti Del Congresso Scientifico},
year = {1958},
pages = {5--15},
organization = {Sezione Nucleare},
affiliation = {Sezione Nucleare}
}
@misc{ATL-website,
  title = {About the {{Journal}} {\textbar} {{Ancient TL}}},
  url = {https://www.ancienttl.org/},
  urldate = {2025-04-01}
}
